<record><leader>00000cas a22000007a 4500</leader><controlfield tag="001">14072467</controlfield><controlfield tag="008">860811d18971911txuwr ne      0    0eng d</controlfield><datafield ind1=" " ind2=" " tag="010"><subfield code="a">sn 86089031 </subfield></datafield><datafield ind1=" " ind2=" " tag="040"><subfield code="a">PPM</subfield><subfield code="b">eng</subfield><subfield code="c">PPM</subfield><subfield code="d">OCLCQ</subfield></datafield><datafield ind1=" " ind2=" " tag="042"><subfield code="a">msc</subfield></datafield><datafield ind1="0" ind2="4" tag="245"><subfield code="a">The Caldwell news-chronicle.</subfield></datafield><datafield ind1="3" ind2="0" tag="246"><subfield code="a">Caldwell chronicle</subfield></datafield><datafield ind1=" " ind2=" " tag="260"><subfield code="a">Caldwell, Tex. :</subfield><subfield code="b">Rust and Joiner,</subfield><subfield code="c">1897-1911.</subfield></datafield><datafield ind1=" " ind2=" " tag="300"><subfield code="a">v. :</subfield><subfield code="b">ill. (chiefly advertisements) ;</subfield><subfield code="c">56 cm.</subfield></datafield><datafield ind1=" " ind2=" " tag="310"><subfield code="a">Weekly</subfield></datafield><datafield ind1="0" ind2=" " tag="362"><subfield code="a">Vol. 18, no. 1 (May 20, 1897)-v. 31, no. 44 (Feb. 24, 1911).</subfield></datafield><datafield ind1=" " ind2=" " tag="752"><subfield code="a">United States</subfield><subfield code="b">Texas</subfield><subfield code="c">Burleson</subfield><subfield code="d">Caldwell.</subfield></datafield><datafield ind1="0" ind2="4" tag="780"><subfield code="t">Caldwell news</subfield></datafield><datafield ind1="0" ind2="4" tag="780"><subfield code="t">Caldwell chronicle</subfield></datafield><datafield ind1="0" ind2="7" tag="785"><subfield code="t">Burleson County ledger</subfield><subfield code="w">(DLC)sn 87091165</subfield></datafield><datafield ind1="0" ind2="7" tag="785"><subfield code="t">Burleson County ledger and news-chronicle</subfield><subfield code="w">(DLC)sn 86088402</subfield></datafield></record>